<?xml version="1.0" ?>
<bibRecords>
  <bibRecord><bib><owningInstitutionId>NYPL</owningInstitutionId><owningInstitutionBibId>.b11408659x</owningInstitutionBibId><content><collection xmlns="http://www.loc.gov/MARC21/slim"><record><controlfield tag="001">NYPG90-S7568</controlfield><controlfield tag="003">CStRLIN</controlfield><controlfield tag="005">20000925124456.2</controlfield><controlfield tag="008">901031c19909999dcuar1       f0    0eng d</controlfield><datafield ind1=" " ind2=" " tag="010"><subfield code="a">sn 90025280</subfield></datafield><datafield ind1=" " ind2=" " tag="022"><subfield code="a">1048-9711</subfield></datafield><datafield ind1=" " ind2=" " tag="040"><subfield code="a">InU</subfield><subfield code="c">InU</subfield><subfield code="d">NSDP</subfield><subfield code="d">NN</subfield><subfield code="d">WaOLN</subfield></datafield><datafield ind1=" " ind2=" " tag="042"><subfield code="a">lcd</subfield><subfield code="a">nsdp</subfield></datafield><datafield ind1="1" ind2="0" tag="082"><subfield code="a">025</subfield><subfield code="2">11</subfield></datafield><datafield ind1="0" ind2=" " tag="210"><subfield code="a">Libr. Congr. subj. head.</subfield></datafield><datafield ind1=" " ind2="0" tag="222"><subfield code="a">Library of Congress subject headings</subfield></datafield><datafield ind1="0" ind2="0" tag="245"><subfield code="a">Library of Congress subject headings /</subfield><subfield code="c">Office for Subject Cataloging Policy, Collections Services.</subfield></datafield><datafield ind1="1" ind2="0" tag="246"><subfield code="a">Subject headings</subfield></datafield><datafield ind1="1" ind2="3" tag="246"><subfield code="a">LCSH</subfield></datafield><datafield ind1=" " ind2=" " tag="260"><subfield code="a">Washington. D.C. :</subfield><subfield code="b">Cataloging Distribution Service, Library of Congress,</subfield><subfield code="c">1990-</subfield></datafield><datafield ind1="0" ind2="0" tag="299"><subfield code="a">Library of Congress subject headings /</subfield></datafield><datafield ind1="1" ind2="0" tag="299"><subfield code="a">Subject headings.</subfield></datafield><datafield ind1="1" ind2="0" tag="299"><subfield code="a">LCSH.</subfield></datafield><datafield ind1=" " ind2=" " tag="300"><subfield code="a">v. ;</subfield><subfield code="c">31 cm.</subfield></datafield><datafield ind1=" " ind2=" " tag="310"><subfield code="a">Annual</subfield></datafield><datafield ind1="0" ind2=" " tag="362"><subfield code="a">13th ed.-</subfield></datafield><datafield ind1=" " ind2=" " tag="515"><subfield code="a">Each  edition issued in several vols.</subfield></datafield><datafield ind1=" " ind2=" " tag="550"><subfield code="a">The 13th-15th eds. issued by the library's Office for Subject Cataloging Policy; 16th ed.-   by the library's Cataloging Policy and Support Office.</subfield></datafield><datafield ind1=" " ind2="0" tag="650"><subfield code="a">Subject headings, Library of Congress.</subfield></datafield><datafield ind1="2" ind2=" " tag="710"><subfield code="a">Library of Congress.</subfield><subfield code="b">Office for Subject Cataloging Policy.</subfield></datafield><datafield ind1="2" ind2=" " tag="710"><subfield code="a">Library of Congress.</subfield><subfield code="b">Cataloging Policy and Support Office.</subfield></datafield><datafield ind1="0" ind2="0" tag="780"><subfield code="7">c2as</subfield><subfield code="a">Library of Congress.  Subject Cataloging Division.</subfield><subfield code="t">Library of Congress subject headings</subfield><subfield code="x">1048-9711</subfield></datafield><datafield ind1=" " ind2=" " tag="907"><subfield code="a">.b11408659x</subfield><subfield code="c">s</subfield><subfield code="d">a</subfield><subfield code="e">-</subfield><subfield code="f">eng</subfield><subfield code="g">dcu</subfield><subfield code="h">0</subfield><subfield code="i">98</subfield></datafield><datafield ind1=" " ind2=" " tag="952"><subfield code="h">Z695.Z8</subfield></datafield><datafield ind1=" " ind2=" " tag="952"><subfield code="h">Z695.Z8</subfield></datafield><datafield ind1=" " ind2=" " tag="952"><subfield code="h">Z695.Z8</subfield></datafield><datafield ind1=" " ind2=" " tag="952"><subfield code="h">JFN 90-69</subfield></datafield><datafield ind1=" " ind2=" " tag="952"><subfield code="h">Z695.Z8</subfield></datafield><datafield ind1=" " ind2=" " tag="991"><subfield code="y">173360606</subfield></datafield><datafield ind1=" " ind2=" " tag="035"><subfield code="a">(OCoLC)173360606</subfield></datafield><leader>13952cas a2202593 a 4500</leader></record></collection></content></bib><holdings><holding><owningInstitutionHoldingsId>.c10643928.c10781547.c10644052.c10781535.c10187108.c10397656.c10644143.c10781559.c10663800.c1064409x.c10644118.c1031555x.c1064393x.c10644076.c10643941.c10643953.c10626220</owningInstitutionHoldingsId><content><collection xmlns="http://www.loc.gov/MARC21/slim"><record><datafield ind1=" " ind2="8" tag="852"><subfield code="b">rc2ma</subfield><subfield code="h">JFN 90-69</subfield></datafield><datafield ind1=" " ind2=" " tag="866"><subfield code="a">LATEST EDITION ONLY     , LATEST EDITION ONLY     , LATEST EDITION ONLY     , LATEST EDITION ONLY     , LATEST EDITION ONLY     , LATEST EDITION ONLY     , LATEST EDITION ONLY     , LATEST EDITION ONLY     , LATEST EDITION ONLY     , LATEST EDITION ONLY     </subfield></datafield></record></collection></content><items><content><collection xmlns="http://www.loc.gov/MARC21/slim"><record><datafield ind1=" " ind2=" " tag="876"><subfield code="p">33433020304246</subfield><subfield code="h">In Library Use</subfield><subfield code="a">.i103197916</subfield><subfield code="j">Available</subfield><subfield code="t">1</subfield><subfield code="3">v. 13th Ed Pt. v. 1 1990</subfield></datafield><datafield ind1=" " ind2=" " tag="900"><subfield code="a">Shared</subfield><subfield code="b">NA</subfield></datafield></record><record><datafield ind1=" " ind2=" " tag="876"><subfield code="p">33433020304253</subfield><subfield code="h">In Library Use</subfield><subfield code="a">.i103197928</subfield><subfield code="j">Available</subfield><subfield code="t">1</subfield><subfield code="3">v. 13th Ed. v. 2 1990</subfield></datafield><datafield ind1=" " ind2=" " tag="900"><subfield code="a">Shared</subfield><subfield code="b">NA</subfield></datafield></record><record><datafield ind1=" " ind2=" " tag="876"><subfield code="p">33433020304261</subfield><subfield code="h">In Library Use</subfield><subfield code="a">.i10319793x</subfield><subfield code="j">Available</subfield><subfield code="t">1</subfield><subfield code="3">v. 13th v. 3 1990</subfield></datafield><datafield ind1=" " ind2=" " tag="900"><subfield code="a">Shared</subfield><subfield code="b">NA</subfield></datafield></record><record><datafield ind1=" " ind2=" " tag="876"><subfield code="p">33433020304279</subfield><subfield code="h">In Library Use</subfield><subfield code="a">.i103197941</subfield><subfield code="j">Available</subfield><subfield code="t">1</subfield><subfield code="3">v. 1 A-E 1991</subfield></datafield><datafield ind1=" " ind2=" " tag="900"><subfield code="a">Shared</subfield><subfield code="b">NA</subfield></datafield></record><record><datafield ind1=" " ind2=" " tag="876"><subfield code="p">33433020304287</subfield><subfield code="h">In Library Use</subfield><subfield code="a">.i103197953</subfield><subfield code="j">Available</subfield><subfield code="t">1</subfield><subfield code="3">v. 2 F-O 1991</subfield></datafield><datafield ind1=" " ind2=" " tag="900"><subfield code="a">Shared</subfield><subfield code="b">NA</subfield></datafield></record><record><datafield ind1=" " ind2=" " tag="876"><subfield code="p">33433020304295</subfield><subfield code="h">In Library Use</subfield><subfield code="a">.i103197965</subfield><subfield code="j">Available</subfield><subfield code="t">1</subfield><subfield code="3">v. 14th v. 3 P-z 1991</subfield></datafield><datafield ind1=" " ind2=" " tag="900"><subfield code="a">Shared</subfield><subfield code="b">NA</subfield></datafield></record><record><datafield ind1=" " ind2=" " tag="876"><subfield code="p">33433020304303</subfield><subfield code="h">In Library Use</subfield><subfield code="a">.i103197977</subfield><subfield code="j">Available</subfield><subfield code="t">1</subfield><subfield code="3">v. 15th Ed. a-c 1992</subfield></datafield><datafield ind1=" " ind2=" " tag="900"><subfield code="a">Shared</subfield><subfield code="b">NA</subfield></datafield></record><record><datafield ind1=" " ind2=" " tag="876"><subfield code="p">33433020304311</subfield><subfield code="h">In Library Use</subfield><subfield code="a">.i103197989</subfield><subfield code="j">Available</subfield><subfield code="t">1</subfield><subfield code="3">v. 15th D-j 1992</subfield></datafield><datafield ind1=" " ind2=" " tag="900"><subfield code="a">Shared</subfield><subfield code="b">NA</subfield></datafield></record><record><datafield ind1=" " ind2=" " tag="876"><subfield code="p">33433020304329</subfield><subfield code="h">In Library Use</subfield><subfield code="a">.i103197990</subfield><subfield code="j">Available</subfield><subfield code="t">1</subfield></datafield><datafield ind1=" " ind2=" " tag="900"><subfield code="a">Shared</subfield><subfield code="b">NA</subfield></datafield></record><record><datafield ind1=" " ind2=" " tag="876"><subfield code="p">33433020304337</subfield><subfield code="h">In Library Use</subfield><subfield code="a">.i103198003</subfield><subfield code="j">Available</subfield><subfield code="t">1</subfield><subfield code="3">v. 15th Ed.Pt. Q-Z 1992</subfield></datafield><datafield ind1=" " ind2=" " tag="900"><subfield code="a">Shared</subfield><subfield code="b">NA</subfield></datafield></record><record><datafield ind1=" " ind2=" " tag="876"><subfield code="p">33433020304345</subfield><subfield code="h">In Library Use</subfield><subfield code="a">.i103198015</subfield><subfield code="j">Available</subfield><subfield code="t">1</subfield><subfield code="3">v. 16th A-c 1993</subfield></datafield><datafield ind1=" " ind2=" " tag="900"><subfield code="a">Shared</subfield><subfield code="b">NA</subfield></datafield></record><record><datafield ind1=" " ind2=" " tag="876"><subfield code="p">33433020304352</subfield><subfield code="h">In Library Use</subfield><subfield code="a">.i103198027</subfield><subfield code="j">Available</subfield><subfield code="t">1</subfield><subfield code="3">v. 16th Pt.D-j 1993</subfield></datafield><datafield ind1=" " ind2=" " tag="900"><subfield code="a">Shared</subfield><subfield code="b">NA</subfield></datafield></record><record><datafield ind1=" " ind2=" " tag="876"><subfield code="p">33433020304360</subfield><subfield code="h">In Library Use</subfield><subfield code="a">.i103198039</subfield><subfield code="j">Available</subfield><subfield code="t">1</subfield><subfield code="3">v. 16th Ed.k-p 1993</subfield></datafield><datafield ind1=" " ind2=" " tag="900"><subfield code="a">Shared</subfield><subfield code="b">NA</subfield></datafield></record><record><datafield ind1=" " ind2=" " tag="876"><subfield code="p">33433020304378</subfield><subfield code="h">In Library Use</subfield><subfield code="a">.i103198040</subfield><subfield code="j">Available</subfield><subfield code="t">1</subfield><subfield code="3">v. 16th Ed. v. 4 Q-z 1993</subfield></datafield><datafield ind1=" " ind2=" " tag="900"><subfield code="a">Shared</subfield><subfield code="b">NA</subfield></datafield></record><record><datafield ind1=" " ind2=" " tag="876"><subfield code="p">33433020304386</subfield><subfield code="h">In Library Use</subfield><subfield code="a">.i103198052</subfield><subfield code="j">Available</subfield><subfield code="t">1</subfield><subfield code="3">v. 17th v. 1 AC</subfield></datafield><datafield ind1=" " ind2=" " tag="900"><subfield code="a">Shared</subfield><subfield code="b">NA</subfield></datafield></record><record><datafield ind1=" " ind2=" " tag="876"><subfield code="p">33433020304394</subfield><subfield code="h">In Library Use</subfield><subfield code="a">.i103198064</subfield><subfield code="j">Available</subfield><subfield code="t">1</subfield><subfield code="3">v. 2, ed. 17, pt. d-j</subfield></datafield><datafield ind1=" " ind2=" " tag="900"><subfield code="a">Shared</subfield><subfield code="b">NA</subfield></datafield></record><record><datafield ind1=" " ind2=" " tag="876"><subfield code="p">33433020304402</subfield><subfield code="h">In Library Use</subfield><subfield code="a">.i103198076</subfield><subfield code="j">Available</subfield><subfield code="t">1</subfield><subfield code="3">v. 3, ed. 17 ptk-p</subfield></datafield><datafield ind1=" " ind2=" " tag="900"><subfield code="a">Shared</subfield><subfield code="b">NA</subfield></datafield></record><record><datafield ind1=" " ind2=" " tag="876"><subfield code="p">33433020304410</subfield><subfield code="h">In Library Use</subfield><subfield code="a">.i103198088</subfield><subfield code="j">Available</subfield><subfield code="t">1</subfield><subfield code="3">v. 4, ed. 17 pt. q-z</subfield></datafield><datafield ind1=" " ind2=" " tag="900"><subfield code="a">Shared</subfield><subfield code="b">NA</subfield></datafield></record><record><datafield ind1=" " ind2=" " tag="876"><subfield code="p">33433020304428</subfield><subfield code="h">In Library Use</subfield><subfield code="a">.i10319809x</subfield><subfield code="j">Available</subfield><subfield code="t">1</subfield><subfield code="3">v. 1 pt. 18 1995</subfield></datafield><datafield ind1=" " ind2=" " tag="900"><subfield code="a">Shared</subfield><subfield code="b">NA</subfield></datafield></record><record><datafield ind1=" " ind2=" " tag="876"><subfield code="p">33433020304436</subfield><subfield code="h">In Library Use</subfield><subfield code="a">.i103198106</subfield><subfield code="j">Available</subfield><subfield code="t">1</subfield><subfield code="3">v. 2pt. 18, 1995</subfield></datafield><datafield ind1=" " ind2=" " tag="900"><subfield code="a">Shared</subfield><subfield code="b">NA</subfield></datafield></record><record><datafield ind1=" " ind2=" " tag="876"><subfield code="p">33433020304444</subfield><subfield code="h">In Library Use</subfield><subfield code="a">.i103198118</subfield><subfield code="j">Available</subfield><subfield code="t">1</subfield><subfield code="3">v. 3pt. 18 1995</subfield></datafield><datafield ind1=" " ind2=" " tag="900"><subfield code="a">Shared</subfield><subfield code="b">NA</subfield></datafield></record><record><datafield ind1=" " ind2=" " tag="876"><subfield code="p">33433020304451</subfield><subfield code="h">In Library Use</subfield><subfield code="a">.i10319812x</subfield><subfield code="j">Available</subfield><subfield code="t">1</subfield><subfield code="3">v. 4, pt. 18</subfield></datafield><datafield ind1=" " ind2=" " tag="900"><subfield code="a">Shared</subfield><subfield code="b">NA</subfield></datafield></record><record><datafield ind1=" " ind2=" " tag="876"><subfield code="p">33433020304477</subfield><subfield code="h">In Library Use</subfield><subfield code="a">.i103198131</subfield><subfield code="j">Available</subfield><subfield code="t">1</subfield><subfield code="3">v. 20 pt. 1997 d-j</subfield></datafield><datafield ind1=" " ind2=" " tag="900"><subfield code="a">Shared</subfield><subfield code="b">NA</subfield></datafield></record><record><datafield ind1=" " ind2=" " tag="876"><subfield code="p">33433020304485</subfield><subfield code="h">In Library Use</subfield><subfield code="a">.i103198143</subfield><subfield code="j">Available</subfield><subfield code="t">1</subfield><subfield code="3">v. 20 pt.k-p 1997</subfield></datafield><datafield ind1=" " ind2=" " tag="900"><subfield code="a">Shared</subfield><subfield code="b">NA</subfield></datafield></record><record><datafield ind1=" " ind2=" " tag="876"><subfield code="p">33433020304493</subfield><subfield code="h">In Library Use</subfield><subfield code="a">.i103198155</subfield><subfield code="j">Available</subfield><subfield code="t">1</subfield><subfield code="3">20 ed. pt. q-z 1997</subfield></datafield><datafield ind1=" " ind2=" " tag="900"><subfield code="a">Shared</subfield><subfield code="b">NA</subfield></datafield></record><record><datafield ind1=" " ind2=" " tag="876"><subfield code="p">33433020304501</subfield><subfield code="h">In Library Use</subfield><subfield code="a">.i103198167</subfield><subfield code="j">Available</subfield><subfield code="t">1</subfield><subfield code="3">v. 20th Ed vol A-C 1997</subfield></datafield><datafield ind1=" " ind2=" " tag="900"><subfield code="a">Shared</subfield><subfield code="b">NA</subfield></datafield></record><record><datafield ind1=" " ind2=" " tag="876"><subfield code="p">33433020304519</subfield><subfield code="h">In Library Use</subfield><subfield code="a">.i103198179</subfield><subfield code="j">Available</subfield><subfield code="t">1</subfield><subfield code="3">v. 2, ed. 20, pt. d-j</subfield></datafield><datafield ind1=" " ind2=" " tag="900"><subfield code="a">Shared</subfield><subfield code="b">NA</subfield></datafield></record><record><datafield ind1=" " ind2=" " tag="876"><subfield code="p">33433020304527</subfield><subfield code="h">In Library Use</subfield><subfield code="a">.i103198180</subfield><subfield code="j">Available</subfield><subfield code="t">1</subfield><subfield code="3">v. 3, ed. 20, pt. k-p  1997</subfield></datafield><datafield ind1=" " ind2=" " tag="900"><subfield code="a">Shared</subfield><subfield code="b">NA</subfield></datafield></record><record><datafield ind1=" " ind2=" " tag="876"><subfield code="p">33433020304535</subfield><subfield code="h">In Library Use</subfield><subfield code="a">.i103198192</subfield><subfield code="j">Available</subfield><subfield code="t">1</subfield><subfield code="3">v. 4 ed. 20, pt. q-z 1997</subfield></datafield><datafield ind1=" " ind2=" " tag="900"><subfield code="a">Shared</subfield><subfield code="b">NA</subfield></datafield></record><record><datafield ind1=" " ind2=" " tag="876"><subfield code="p">33433010384828</subfield><subfield code="h">In Library Use</subfield><subfield code="a">.i111310179</subfield><subfield code="j">Available</subfield><subfield code="t">1</subfield><subfield code="3">v. 1 22nd ed. a-c 1999</subfield></datafield><datafield ind1=" " ind2=" " tag="900"><subfield code="a">Shared</subfield><subfield code="b">NA</subfield></datafield></record><record><datafield ind1=" " ind2=" " tag="876"><subfield code="p">33433010384836</subfield><subfield code="h">In Library Use</subfield><subfield code="a">.i111310180</subfield><subfield code="j">Available</subfield><subfield code="t">1</subfield><subfield code="3">v. 2 22nd ed. d-h 1999</subfield></datafield><datafield ind1=" " ind2=" " tag="900"><subfield code="a">Shared</subfield><subfield code="b">NA</subfield></datafield></record><record><datafield ind1=" " ind2=" " tag="876"><subfield code="p">33433010384844</subfield><subfield code="h">In Library Use</subfield><subfield code="a">.i111310192</subfield><subfield code="j">Available</subfield><subfield code="t">1</subfield><subfield code="3">v. 3 22nd ed. i-m 1999</subfield></datafield><datafield ind1=" " ind2=" " tag="900"><subfield code="a">Shared</subfield><subfield code="b">NA</subfield></datafield></record><record><datafield ind1=" " ind2=" " tag="876"><subfield code="p">33433010384851</subfield><subfield code="h">In Library Use</subfield><subfield code="a">.i111310209</subfield><subfield code="j">Available</subfield><subfield code="t">1</subfield><subfield code="3">v. 4 22nd ed. n-r 1999</subfield></datafield><datafield ind1=" " ind2=" " tag="900"><subfield code="a">Shared</subfield><subfield code="b">NA</subfield></datafield></record><record><datafield ind1=" " ind2=" " tag="876"><subfield code="p">33433010384869</subfield><subfield code="h">In Library Use</subfield><subfield code="a">.i111310210</subfield><subfield code="j">Available</subfield><subfield code="t">1</subfield><subfield code="3">v. 5 22nd ed. s-z 1999</subfield></datafield><datafield ind1=" " ind2=" " tag="900"><subfield code="a">Shared</subfield><subfield code="b">NA</subfield></datafield></record><record><datafield ind1=" " ind2=" " tag="876"><subfield code="p">33433010384877</subfield><subfield code="h">In Library Use</subfield><subfield code="a">.i111310222</subfield><subfield code="j">Available</subfield><subfield code="t">1</subfield><subfield code="3">v. 1 23rd ed. a-c 2000</subfield></datafield><datafield ind1=" " ind2=" " tag="900"><subfield code="a">Shared</subfield><subfield code="b">NA</subfield></datafield></record><record><datafield ind1=" " ind2=" " tag="876"><subfield code="p">33433010384885</subfield><subfield code="h">In Library Use</subfield><subfield code="a">.i111310234</subfield><subfield code="j">Available</subfield><subfield code="t">1</subfield><subfield code="3">v. 2 23rd ed. 2000 d-h</subfield></datafield><datafield ind1=" " ind2=" " tag="900"><subfield code="a">Shared</subfield><subfield code="b">NA</subfield></datafield></record><record><datafield ind1=" " ind2=" " tag="876"><subfield code="p">33433010384893</subfield><subfield code="h">In Library Use</subfield><subfield code="a">.i111310246</subfield><subfield code="j">Available</subfield><subfield code="t">1</subfield><subfield code="3">v. 3 23rd ed. i-m 2000</subfield></datafield><datafield ind1=" " ind2=" " tag="900"><subfield code="a">Shared</subfield><subfield code="b">NA</subfield></datafield></record><record><datafield ind1=" " ind2=" " tag="876"><subfield code="p">33433010384901</subfield><subfield code="h">In Library Use</subfield><subfield code="a">.i111310258</subfield><subfield code="j">Available</subfield><subfield code="t">1</subfield><subfield code="3">v. 4 23rd ed. n-r 2000</subfield></datafield><datafield ind1=" " ind2=" " tag="900"><subfield code="a">Shared</subfield><subfield code="b">NA</subfield></datafield></record><record><datafield ind1=" " ind2=" " tag="876"><subfield code="p">33433010384919</subfield><subfield code="h">In Library Use</subfield><subfield code="a">.i11131026x</subfield><subfield code="j">Available</subfield><subfield code="t">1</subfield><subfield code="3">v. 5 23rd ed. s-z 2000</subfield></datafield><datafield ind1=" " ind2=" " tag="900"><subfield code="a">Shared</subfield><subfield code="b">NA</subfield></datafield></record><record><datafield ind1=" " ind2=" " tag="876"><subfield code="p">33433020304469</subfield><subfield code="h">In Library Use</subfield><subfield code="a">.i111310271</subfield><subfield code="j">Available</subfield><subfield code="t">1</subfield><subfield code="3">1997:Ed. 20, v. 1, A-C</subfield></datafield><datafield ind1=" " ind2=" " tag="900"><subfield code="a">Shared</subfield><subfield code="b">NA</subfield></datafield></record><record><datafield ind1=" " ind2=" " tag="876"><subfield code="p">33433061708842</subfield><subfield code="h">In Library Use</subfield><subfield code="a">.i140454469</subfield><subfield code="j">Available</subfield><subfield code="t">1</subfield><subfield code="3">21st Ed., v. 1</subfield></datafield><datafield ind1=" " ind2=" " tag="900"><subfield code="a">Shared</subfield><subfield code="b">NA</subfield></datafield></record><record><datafield ind1=" " ind2=" " tag="876"><subfield code="p">33433061708859</subfield><subfield code="h">In Library Use</subfield><subfield code="a">.i140454470</subfield><subfield code="j">Available</subfield><subfield code="t">1</subfield><subfield code="3">21st Ed., v. 2</subfield></datafield><datafield ind1=" " ind2=" " tag="900"><subfield code="a">Shared</subfield><subfield code="b">NA</subfield></datafield></record><record><datafield ind1=" " ind2=" " tag="876"><subfield code="p">33433061708867</subfield><subfield code="h">In Library Use</subfield><subfield code="a">.i140454482</subfield><subfield code="j">Available</subfield><subfield code="t">1</subfield><subfield code="3">21st Ed., v. 3</subfield></datafield><datafield ind1=" " ind2=" " tag="900"><subfield code="a">Shared</subfield><subfield code="b">NA</subfield></datafield></record><record><datafield ind1=" " ind2=" " tag="876"><subfield code="p">33433061708875</subfield><subfield code="h">In Library Use</subfield><subfield code="a">.i140454494</subfield><subfield code="j">Available</subfield><subfield code="t">1</subfield><subfield code="3">21st Ed., v. 4</subfield></datafield><datafield ind1=" " ind2=" " tag="900"><subfield code="a">Shared</subfield><subfield code="b">NA</subfield></datafield></record><record><datafield ind1=" " ind2=" " tag="876"><subfield code="p">33433061708883</subfield><subfield code="h">In Library Use</subfield><subfield code="a">.i140454500</subfield><subfield code="j">Available</subfield><subfield code="t">1</subfield><subfield code="3">21st Ed., v. 5</subfield></datafield><datafield ind1=" " ind2=" " tag="900"><subfield code="a">Shared</subfield><subfield code="b">NA</subfield></datafield></record><record><datafield ind1=" " ind2=" " tag="876"><subfield code="p">33433061708891</subfield><subfield code="h">In Library Use</subfield><subfield code="a">.i140454512</subfield><subfield code="j">Available</subfield><subfield code="t">1</subfield><subfield code="3">24th Ed., v. 1</subfield></datafield><datafield ind1=" " ind2=" " tag="900"><subfield code="a">Shared</subfield><subfield code="b">NA</subfield></datafield></record><record><datafield ind1=" " ind2=" " tag="876"><subfield code="p">33433061708909</subfield><subfield code="h">In Library Use</subfield><subfield code="a">.i140454524</subfield><subfield code="j">Available</subfield><subfield code="t">1</subfield><subfield code="3">24th Ed., v. 2</subfield></datafield><datafield ind1=" " ind2=" " tag="900"><subfield code="a">Shared</subfield><subfield code="b">NA</subfield></datafield></record><record><datafield ind1=" " ind2=" " tag="876"><subfield code="p">33433061708917</subfield><subfield code="h">In Library Use</subfield><subfield code="a">.i140454536</subfield><subfield code="j">Available</subfield><subfield code="t">1</subfield><subfield code="3">24th Ed., v. 3</subfield></datafield><datafield ind1=" " ind2=" " tag="900"><subfield code="a">Shared</subfield><subfield code="b">NA</subfield></datafield></record><record><datafield ind1=" " ind2=" " tag="876"><subfield code="p">33433061708925</subfield><subfield code="h">In Library Use</subfield><subfield code="a">.i140454548</subfield><subfield code="j">Available</subfield><subfield code="t">1</subfield><subfield code="3">24th Ed., v. 4</subfield></datafield><datafield ind1=" " ind2=" " tag="900"><subfield code="a">Shared</subfield><subfield code="b">NA</subfield></datafield></record><record><datafield ind1=" " ind2=" " tag="876"><subfield code="p">33433061708933</subfield><subfield code="h">In Library Use</subfield><subfield code="a">.i14045455x</subfield><subfield code="j">Available</subfield><subfield code="t">1</subfield><subfield code="3">24th Ed., v. 4</subfield></datafield><datafield ind1=" " ind2=" " tag="900"><subfield code="a">Shared</subfield><subfield code="b">NA</subfield></datafield></record><record><datafield ind1=" " ind2=" " tag="876"><subfield code="p">33433076796998</subfield><subfield code="h">In Library Use</subfield><subfield code="a">.i167272779</subfield><subfield code="j">Available</subfield><subfield code="t">2</subfield><subfield code="3">ed. 21st., v. 1 (A - C) 1998</subfield></datafield><datafield ind1=" " ind2=" " tag="900"><subfield code="a">Shared</subfield><subfield code="b">NA</subfield></datafield></record><record><datafield ind1=" " ind2=" " tag="876"><subfield code="p">33433076797004</subfield><subfield code="h">In Library Use</subfield><subfield code="a">.i167272780</subfield><subfield code="j">Available</subfield><subfield code="t">2</subfield><subfield code="3">ed. 21st., v. 2 (D - H) 1998</subfield></datafield><datafield ind1=" " ind2=" " tag="900"><subfield code="a">Shared</subfield><subfield code="b">NA</subfield></datafield></record><record><datafield ind1=" " ind2=" " tag="876"><subfield code="p">33433076797012</subfield><subfield code="h">In Library Use</subfield><subfield code="a">.i167272792</subfield><subfield code="j">Available</subfield><subfield code="t">2</subfield><subfield code="3">ed. 21st., v. 3 (I - M) 1998</subfield></datafield><datafield ind1=" " ind2=" " tag="900"><subfield code="a">Shared</subfield><subfield code="b">NA</subfield></datafield></record><record><datafield ind1=" " ind2=" " tag="876"><subfield code="p">33433076797020</subfield><subfield code="h">In Library Use</subfield><subfield code="a">.i167272809</subfield><subfield code="j">Available</subfield><subfield code="t">2</subfield><subfield code="3">ed. 21st., v. 4 (N - R) 1998</subfield></datafield><datafield ind1=" " ind2=" " tag="900"><subfield code="a">Shared</subfield><subfield code="b">NA</subfield></datafield></record><record><datafield ind1=" " ind2=" " tag="876"><subfield code="p">33433076797038</subfield><subfield code="h">In Library Use</subfield><subfield code="a">.i167272810</subfield><subfield code="j">Available</subfield><subfield code="t">2</subfield><subfield code="3">ed. 21st., v. 5 (S - Z) 1998</subfield></datafield><datafield ind1=" " ind2=" " tag="900"><subfield code="a">Shared</subfield><subfield code="b">NA</subfield></datafield></record><record><datafield ind1=" " ind2=" " tag="876"><subfield code="p">33433076797053</subfield><subfield code="h">In Library Use</subfield><subfield code="a">.i167272822</subfield><subfield code="j">Available</subfield><subfield code="t">1</subfield><subfield code="3">ed. 24th, v. 5 (S - Z) 2001</subfield></datafield><datafield ind1=" " ind2=" " tag="900"><subfield code="a">Shared</subfield><subfield code="b">NA</subfield></datafield></record><record><datafield ind1=" " ind2=" " tag="876"><subfield code="p">33433076797061</subfield><subfield code="h">In Library Use</subfield><subfield code="a">.i167272834</subfield><subfield code="j">Available</subfield><subfield code="t">2</subfield><subfield code="3">ed. 24th, v. 2 (D - H) 2001</subfield></datafield><datafield ind1=" " ind2=" " tag="900"><subfield code="a">Shared</subfield><subfield code="b">NA</subfield></datafield></record><record><datafield ind1=" " ind2=" " tag="876"><subfield code="p">33433076731425</subfield><subfield code="h">In Library Use</subfield><subfield code="a">.i167272743</subfield><subfield code="j">Available</subfield><subfield code="t">1</subfield><subfield code="3">ed. 24th, v. 2 (D - H) 2001</subfield></datafield><datafield ind1=" " ind2=" " tag="900"><subfield code="a">Shared</subfield><subfield code="b">NA</subfield></datafield></record><record><datafield ind1=" " ind2=" " tag="876"><subfield code="p">33433076731433</subfield><subfield code="h">In Library Use</subfield><subfield code="a">.i167272755</subfield><subfield code="j">Available</subfield><subfield code="t">1</subfield><subfield code="3">ed. 24th, v. 3 (I - M) 2001</subfield></datafield><datafield ind1=" " ind2=" " tag="900"><subfield code="a">Shared</subfield><subfield code="b">NA</subfield></datafield></record><record><datafield ind1=" " ind2=" " tag="876"><subfield code="p">33433076731441</subfield><subfield code="h">In Library Use</subfield><subfield code="a">.i167272767</subfield><subfield code="j">Available</subfield><subfield code="t">1</subfield><subfield code="3">ed. 24th, v. 4 (N - R) 2001</subfield></datafield><datafield ind1=" " ind2=" " tag="900"><subfield code="a">Shared</subfield><subfield code="b">NA</subfield></datafield></record><record><datafield ind1=" " ind2=" " tag="876"><subfield code="p">33433076731417</subfield><subfield code="h">In Library Use</subfield><subfield code="a">.i167272731</subfield><subfield code="j">Available</subfield><subfield code="t">1</subfield><subfield code="3">ed. 24th, v. 1 (A - C) 2001</subfield></datafield><datafield ind1=" " ind2=" " tag="900"><subfield code="a">Shared</subfield><subfield code="b">NA</subfield></datafield></record></collection></content></items></holding></holdings></bibRecord>
</bibRecords>